%%
%% Weitian LI, Haiguang XU, et al.
%% Department of Astronomy, Shanghai Jiao Tong University
%%
%% Credit:
%% [1] A summary of BibTeX
%%     http://maverick.inria.fr/~Xavier.Decoret/resources/xdkbibtex/bibtex_summary.html
%%
%% 2017-07-18
%%

@ARTICLE{astropy2013,
   author = {{Astropy Collaboration} and {Robitaille}, T.~P. and {Tollerud}, E.~J. and
            {Greenfield}, P. and {Droettboom}, M. and {Bray}, E. and {Aldcroft}, T. and
            {Davis}, M. and {Ginsburg}, A. and {Price-Whelan}, A.~M. and
            {Kerzendorf}, W.~E. and {Conley}, A. and {Crighton}, N. and
            {Barbary}, K. and {Muna}, D. and {Ferguson}, H. and {Grollier}, F. and
            {Parikh}, M.~M. and {Nair}, P.~H. and {Unther}, H.~M. and {Deil}, C. and
            {Woillez}, J. and {Conseil}, S. and {Kramer}, R. and {Turner}, J.~E.~H. and
            {Singer}, L. and {Fox}, R. and {Weaver}, B.~A. and {Zabalza}, V. and
            {Edwards}, Z.~I. and {Azalee Bostroem}, K. and {Burke}, D.~J. and
            {Casey}, A.~R. and {Crawford}, S.~M. and {Dencheva}, N. and
            {Ely}, J. and {Jenness}, T. and {Labrie}, K. and {Lim}, P.~L. and
            {Pierfederici}, F. and {Pontzen}, A. and {Ptak}, A. and {Refsdal}, B. and
            {Servillat}, M. and {Streicher}, O.},
    title = {Astropy: A community Python package for astronomy},
  journal = {\aap},
archivePrefix = "arXiv",
   eprint = {1307.6212},
 primaryClass = "astro-ph.IM",
 keywords = {methods: data analysis, methods: miscellaneous, virtual observatory tools},
     year = 2013,
    month = oct,
   volume = 558,
      eid = {A33},
    pages = {A33},
      doi = {10.1051/0004-6361/201322068},
   adsurl = {http://adsabs.harvard.edu/abs/2013A%26A...558A..33A},
  adsnote = {Provided by the SAO/NASA Astrophysics Data System}
}


@ARTICLE{cassano2007,
   author = {{Cassano}, R. and {Brunetti}, G. and {Setti}, G. and {Govoni}, F. and
            {Dolag}, K.},
    title = {New scaling relations in cluster radio haloes and the re-acceleration model},
  journal = {\mnras},
archivePrefix = "arXiv",
   eprint = {0704.3490},
 keywords = {acceleration of particles, radiation mechanisms: non-thermal, turbulence, galaxies: clusters: general, radio continuum: general, X-rays: general},
     year = 2007,
    month = jul,
   volume = 378,
    pages = {1565-1574},
      doi = {10.1111/j.1365-2966.2007.11901.x},
   adsurl = {http://adsabs.harvard.edu/abs/2007MNRAS.378.1565C},
  adsnote = {Provided by the SAO/NASA Astrophysics Data System}
}


@ARTICLE{cassano2016,
   author = {{Cassano}, R. and {Brunetti}, G. and {Giocoli}, C. and {Ettori}, S.},
    title = {Can giant radio halos probe the merging rate of galaxy clusters?},
  journal = {\aap},
archivePrefix = "arXiv",
   eprint = {1606.07293},
 keywords = {galaxies: clusters: intracluster medium, cosmology: theory, radio continuum: general, X-rays: galaxies: clusters},
     year = 2016,
    month = sep,
   volume = 593,
      eid = {A81},
    pages = {A81},
      doi = {10.1051/0004-6361/201628414},
   adsurl = {http://adsabs.harvard.edu/abs/2016A%26A...593A..81C},
  adsnote = {Provided by the SAO/NASA Astrophysics Data System}
}


@ARTICLE{wetzel2009,
   author = {{Wetzel}, A.~R. and {Cohn}, J.~D. and {White}, M.},
    title = {Simulating subhaloes at high redshift: merger rates, counts and types},
  journal = {\mnras},
archivePrefix = "arXiv",
   eprint = {0810.2537},
 keywords = {methods: N-body simulations , galaxies: haloes , galaxies: interactions , cosmology: theory},
     year = 2009,
    month = may,
   volume = 395,
    pages = {1376-1390},
      doi = {10.1111/j.1365-2966.2009.14424.x},
   adsurl = {http://adsabs.harvard.edu/abs/2009MNRAS.395.1376W},
  adsnote = {Provided by the SAO/NASA Astrophysics Data System}
}


@ARTICLE{wang2010,
   author = {{Wang}, J. and {Xu}, H. and {Gu}, J. and {An}, T. and {Cui}, H. and
            {Li}, J. and {Zhang}, Z. and {Zheng}, Q. and {Wu}, X.-P.},
    title = {How to Identify and Separate Bright Galaxy Clusters from the Low-frequency Radio Sky},
  journal = {\apj},
archivePrefix = "arXiv",
   eprint = {1008.3391},
 keywords = {dark ages, reionization, first stars, early universe, galaxies: clusters: general, radio continuum: general, techniques: image processing},
     year = 2010,
    month = nov,
   volume = 723,
    pages = {620-633},
      doi = {10.1088/0004-637X/723/1/620},
   adsurl = {http://adsabs.harvard.edu/abs/2010ApJ...723..620W},
  adsnote = {Provided by the SAO/NASA Astrophysics Data System}
}
